<record xmlns='http://www.loc.gov/MARC21/slim'><leader>01220cim a22003372u 4500</leader><controlfield tag='001'>3601424</controlfield><controlfield tag='005'>20160106133444.0</controlfield><controlfield tag='007'>ss|lmnjluz|nuu</controlfield><controlfield tag='008'>991101s1983    nyunnn         l    eng d</controlfield><datafield ind1=' ' ind2=' ' tag='035'><subfield code='a'>(NIC)notisASF8489</subfield></datafield><datafield ind1=' ' ind2=' ' tag='035'><subfield code='a'>3601424</subfield></datafield><datafield ind1=' ' ind2=' ' tag='035'><subfield code='a'>(OCoLC)63897578</subfield></datafield><datafield ind1=' ' ind2=' ' tag='040'><subfield code='a'>NIC</subfield><subfield code='c'>NIC</subfield><subfield code='d'>NIC</subfield><subfield code='d'>NIC</subfield></datafield><datafield ind1='1' ind2=' ' tag='100'><subfield code='a'>Brant, Beth,</subfield><subfield code='d'>1941-2015.</subfield></datafield><datafield ind1='1' ind2='2' tag='245'><subfield code='a'>A gathering of spirit: a reading of North American Indian womens&apos; writing</subfield><subfield code='h'>[sound recording]</subfield></datafield><datafield ind1=' ' ind2=' ' tag='260'><subfield code='c'>1983.</subfield></datafield><datafield ind1=' ' ind2=' ' tag='300'><subfield code='a'>1 sound cassette (70 min.) :</subfield><subfield code='b'>analog, mono.</subfield></datafield><datafield ind1=' ' ind2=' ' tag='500'><subfield code='a'>Recorded in Ithaca, NY by Cornell University.</subfield></datafield><datafield ind1=' ' ind2=' ' tag='500'><subfield code='a'>Sponsored by: Women&apos;s Studies Program.</subfield></datafield><datafield ind1=' ' ind2=' ' tag='518'><subfield code='a'>Reading, November 11, 1983.</subfield></datafield><datafield ind1=' ' ind2=' ' tag='520'><subfield code='a'>Brant reads and discusses a selection of poetry written by Native American women.</subfield></datafield><datafield ind1=' ' ind2='0' tag='650'><subfield code='a'>Women authors.</subfield></datafield><datafield ind1=' ' ind2='0' tag='650'><subfield code='a'>Indians of North America</subfield><subfield code='v'>Poetry.</subfield></datafield><datafield ind1=' ' ind2='0' tag='650'><subfield code='a'>Indian poetry.</subfield></datafield><datafield ind1=' ' ind2='7' tag='650'><subfield code='a'>Indian poetry</subfield><subfield code='2'>fast</subfield><subfield code='0'>(OCoLC)fst00969171</subfield></datafield><datafield ind1=' ' ind2='7' tag='650'><subfield code='a'>Indians of North America</subfield><subfield code='2'>fast</subfield><subfield code='0'>(OCoLC)fst00969633</subfield></datafield><datafield ind1=' ' ind2='7' tag='650'><subfield code='a'>Women authors</subfield><subfield code='2'>fast</subfield><subfield code='0'>(OCoLC)fst01177198</subfield></datafield><datafield ind1=' ' ind2='7' tag='655'><subfield code='a'>Poetry</subfield><subfield code='2'>fast</subfield><subfield code='0'>(OCoLC)fst01423828</subfield></datafield><datafield ind1='1' ind2=' ' tag='899'><subfield code='a'>CULectures</subfield></datafield><datafield ind1=' ' ind2=' ' tag='905'><subfield code='a'>20000414120000.0</subfield></datafield><datafield ind1='2' ind2=' ' tag='948'><subfield code='a'>20141221</subfield><subfield code='b'>m</subfield><subfield code='d'>batch</subfield><subfield code='e'>lts</subfield><subfield code='x'>addfast</subfield></datafield></record>